% Encoding: UTF-8

@Book{ross2010,
  title     = {Probabilidade: um curso moderno com aplica{\c{c}}Ãµes},
  publisher = {Bookman Editora},
  year      = {2010},
  author    = {Sheldon Ross},
  address   = {Porto Alegre},
  edition   = {8},
  note      = {ISBN 978-85-7780-621-8},
  pagetotal = {608},
}

@Comment{jabref-meta: databaseType:bibtex;}
